<?xml version="1.0" encoding="UTF-8"?><collection xmlns="http://www.loc.gov/MARC21/slim"><record><leader>00524nam--2200181-u-4500</leader><controlfield tag="001">000055985</controlfield><controlfield tag="002">20161230</controlfield><controlfield tag="005">20161230201052</controlfield><controlfield tag="008">131218s1000------------r-----000-0-eng-d</controlfield><datafield ind1=" " ind2=" " tag="020"><subfield code="a">9783659411793</subfield></datafield><datafield ind1=" " ind2=" " tag="040"><subfield code="a">IFIN-HH</subfield></datafield><datafield ind1=" " ind2=" " tag="080"><subfield code="a">537.538</subfield></datafield><datafield ind1="1" ind2=" " tag="100"><subfield code="a">Apostol, Marian</subfield></datafield><datafield ind1="1" ind2="0" tag="245"><subfield code="a">Essays in electromagnetism and matter</subfield><subfield code="b">Electromagnetism and matter</subfield><subfield code="c">Marian apostol</subfield></datafield><datafield ind1=" " ind2=" " tag="260"><subfield code="a">Saarbrucken, Germany</subfield><subfield code="b">Lap Lambert Academic Publishing</subfield><subfield code="c">2013</subfield></datafield><datafield ind1=" " ind2=" " tag="300"><subfield code="a">261P</subfield></datafield><datafield ind1=" " ind2=" " tag="852"><subfield code="a">82371</subfield><subfield code="c">537.538</subfield></datafield><datafield ind1=" " ind2=" " tag="CAT"><subfield code="a">Sys</subfield><subfield code="c">20131218</subfield><subfield code="h">165200</subfield></datafield></record></collection>